@article{takens1981detecting,
  title={Detecting strange attractors in turbulence},
  author={Takens, Floris and others},
  journal={Lecture notes in mathematics},
  volume={898},
  number={1},
  pages={366--381},
  year={1981},
  publisher={Springer}
}
@book{kantz2004nonlinear,
  title={Nonlinear time series analysis},
  author={Kantz, Holger and Schreiber, Thomas},
  volume={7},
  year={2004},
  publisher={Cambridge university press}
}
@article{nolte2010tangled,
  title={The tangled tale of phase space},
  author={Nolte, David D},
  journal={Physics today},
  volume={63},
  number={4},
  pages={33--38},
  year={2010},
  publisher={AIP}
}
@article{zorich2006flat,
  title={Flat surfaces},
  author={Zorich, Anton},
  journal={Frontiers in number theory, physics, and geometry I},
  pages={439--585},
  year={2006},
  publisher={Springer}
}

@article{perea2018brief,
  title={A Brief History of Persistence},
  author={Perea, Jose A},
  journal={arXiv preprint arXiv:1809.03624},
  year={2018}
}




%Our references
@article{perea2019topological,
  title={Topological Time Series Analysis},
  author={Perea, Jose A},
  journal={Notices of the American Mathematical Society},
  volume={66},
  number={5},
  year={2019}
}


@article{perea2015sliding,
  title={Sliding windows and persistence: An application of topological methods to signal analysis},
  author={Perea, Jose A and Harer, John},
  journal={Foundations of Computational Mathematics},
  volume={15},
  number={3},
  pages={799--838},
  year={2015},
  publisher={Springer}
}
@phdthesis{tralie2017Dissertation,
  title={Geometric Multimedia Time Series},
  author={Tralie, Christopher J},
  year={2017},
  type={Duke Ph.D. Dissertation},
  school={Department of Electrical and Computer Engineering, Duke University}
}
@article{tralie2017quasi,
author = {Christopher J. Tralie and Jose A. Perea},
title = {(Quasi)Periodicity Quantification in Video Data, Using Topology},
journal = {SIAM Journal on Imaging Sciences},
volume = {11},
number = {2},
pages = {1049-1077},
year = {2018},
doi = {10.1137/17M1150736},
URL = {
        https://doi.org/10.1137/17M1150736
},
eprint = {
        https://doi.org/10.1137/17M1150736
}
}
@article{perea2015sw1pers,
  title={Sw1pers: Sliding windows and 1-persistence scoring; discovering periodicity in gene expression time series data},
  author={Perea, Jose A and Deckard, Anastasia and Haase, Steve B and Harer, John},
  journal={BMC bioinformatics},
  volume={16},
  number={1},
  pages={257},
  year={2015},
  publisher={BioMed Central}
}
@inproceedings{perea2016persistent,
  title={Persistent homology of toroidal sliding window embeddings},
  author={Perea, Jose A},
  booktitle={Acoustics, Speech and Signal Processing (ICASSP), 2016 IEEE International Conference on},
  pages={6435--6439},
  year={2016},
  organization={IEEE}
}
@article{perea2018multiscale,
  title={Multiscale Projective Coordinates via Persistent Cohomology of Sparse Filtrations},
  author={Perea, Jose A},
  journal={Discrete \& Computational Geometry},
  volume={59},
  number={1},
  pages={175--225},
  year={2018},
  publisher={Springer}
}

@unpublished{hitesh2018,
	title={Sliding Window Persistence of Quasiperiodic Functions},
    author={Gakhar, Hitesh and Perea, Jose A},
    year={2018}
}

@article{perea2018circular,
  title={Sparse Circular Coordinates via Principal $\mathbb{Z}$-Bundles},
  author={Perea, Jose A},
  journal={arXiv preprint arXiv:1809.09269},
  year={2018}
}

@inproceedings{traliemoebius,
  title={Moebius Beats: The Twisted Spaces of Sliding Window Audio Novelty Functions with Rhythmic Subdivisions},
  author={Tralie, Christopher J and Harer, John},
  booktitle={18th International Society for Music Information Retrieval (ISMIR), Late Breaking Session},
  year={2017}
}



%Some applications of quasiperiodicity
@article{herzel1994analysis,
  title={Analysis of vocal disorders with methods from nonlinear dynamics},
  author={Herzel, Hanspeter and Berry, David and Titze, Ingo R and Saleh, Marwa},
  journal={Journal of Speech, Language, and Hearing Research},
  volume={37},
  number={5},
  pages={1008--1019},
  year={1994},
  publisher={ASHA}
}
@article{briefer2015segregation,
  title={Segregation of information about emotional arousal and valence in horse whinnies},
  author={Briefer, Elodie F and Maigrot, Anne-Laure and Mandel, Roi and Freymond, Sabrina Briefer and Bachmann, Iris and Hillmann, Edna},
  journal={Scientific reports},
  volume={4},
  pages={9989},
  year={2015},
  publisher={Nature Publishing Group}
}
@article{morrison2016diversity,
  title={Diversity of emergent dynamics in competitive threshold-linear networks: a preliminary report},
  author={Morrison, Katherine and Degeratu, Anda and Itskov, Vladimir and Curto, Carina},
  journal={arXiv preprint arXiv:1605.04463},
  year={2016}
}
@article{glaz2017quasi,
  title={Quasi-periodic intermittency in oscillating cylinder flow},
  author={Glaz, Bryan and Mezi{\'c}, Igor and Fonoberova, Maria and Loire, Sophie},
  journal={Journal of Fluid Mechanics},
  volume={828},
  pages={680--707},
  year={2017},
  publisher={Cambridge University Press}
}

@article{das2017delay,
  title={Delay-coordinate maps and the spectra of Koopman operators},
  author={Das, Suddhasattwa and Giannakis, Dimitrios},
  journal={arXiv preprint arXiv:1706.08544},
  year={2017}
}


@article {Koopman315,
    author = {Koopman, B. O.},
    title = {Hamiltonian Systems and Transformation in Hilbert Space},
    volume = {17},
    number = {5},
    pages = {315--318},
    year = {1931},
    doi = {10.1073/pnas.17.5.315},
    publisher = {National Academy of Sciences},
    issn = {0027-8424},
    URL = {http://www.pnas.org/content/17/5/315},
    eprint = {http://www.pnas.org/content/17/5/315.full.pdf},
    journal = {Proceedings of the National Academy of Sciences}
}


@article {Mezic,
    author = {Mezi\'{c}, Igor},
    title = {Analysis of Fluid Flows via Spectral Properties of the Koopman Operator}
}




%Some applications of periodicity
%Earlier paper using TDA with recurrent systems
@inproceedings{de2012topological,
  title={Topological analysis of recurrent systems},
  author={de Silva, Vin and Skraba, Primoz and Vejdemo-Johansson, Mikael},
  booktitle={Workshop on Algebraic Topology and Machine Learning, NIPS},
  year={2012}
}
@inproceedings{frank2010activity,
  title={Activity and Gait Recognition with Time-Delay Embeddings.},
  author={Frank, Jordan and Mannor, Shie and Precup, Doina},
  booktitle={AAAI},
  year={2010},
  organization={Citeseer}
}

@article{stam2005nonlinear,
  title={Nonlinear dynamical analysis of EEG and MEG: review of an emerging field},
  author={Stam, Cornelis J},
  journal={Clinical Neurophysiology},
  volume={116},
  number={10},
  pages={2266--2301},
  year={2005},
  publisher={Elsevier}
}
@article{plesnik2014detection,
  title={Detection and Delineation of the Electrocardiogram Qrs-complexes from Phase Portraits},
  author={Plesnik, Emil and Malgina, Olga and Tasic, Jurij F and Tomazic, Saso and Zajc, Matej},
  year={2014}
}
@article{khasawneh2016chatter,
  title={Chatter detection in turning using persistent homology},
  author={Khasawneh, Firas A and Munch, Elizabeth},
  journal={Mechanical Systems and Signal Processing},
  volume={70},
  pages={527--541},
  year={2016},
  publisher={Elsevier}
}
@inproceedings{emrani2014real,
  title={Real time detection of harmonic structure: A case for topological signal analysis},
  author={Emrani, Saba and Chintakunta, Harish and Krim, Hamid},
  booktitle={Acoustics, Speech and Signal Processing (ICASSP), 2014 IEEE International Conference on},
  pages={3445--3449},
  year={2014},
  organization={IEEE}
}
@article{venkataraman2016shape,
  title={Shape Descriptions of Nonlinear Dynamical Systems for Video-based Inference.},
  author={Venkataraman, V and Turaga, P},
  journal={IEEE transactions on pattern analysis and machine intelligence},
  year={2016}
}
%ICIP Paper that uses persistent homology and sliding window embeddings
@inproceedings{venkataraman2016persistent,
  title={Persistent homology of attractors for action recognition},
  author={Venkataraman, Vinay and Ramamurthy, Karthikeyan Natesan and Turaga, Pavan},
  booktitle={Image Processing (ICIP), 2016 IEEE International Conference on},
  pages={4150--4154},
  year={2016},
  organization={IEEE}
}




%Other sliding window applications
@incollection{grassberger2004measuring,
  title={Measuring the strangeness of strange attractors},
  author={Grassberger, Peter and Procaccia, Itamar},
  booktitle={The Theory of Chaotic Attractors},
  pages={170--189},
  year={2004},
  publisher={Springer}
}
@article{bello2011measuring,
  title={Measuring structural similarity in music},
  author={Bello, Juan P},
  journal={IEEE Transactions on Audio, Speech, and Language Processing},
  volume={19},
  number={7},
  pages={2013--2025},
  year={2011},
  publisher={IEEE}
}
@article{serra2009cross,
  title={Cross recurrence quantification for cover song identification},
  author={Serra, Joan and Serra, Xavier and Andrzejak, Ralph G},
  journal={New Journal of Physics},
  volume={11},
  number={9},
  pages={093017},
  year={2009},
  publisher={IOP Publishing}
}








%TDA/Topology References
@book{Hatcher,
  title = {Algebraic Topology},
  publisher = {Cambridge University Press},
  year = {2002},
  author = {Allen Hatcher},
  owner = {liz},
  timestamp = {2011.05.23}
}
@inproceedings{edelsbrunner2000topological,
  title={Topological persistence and simplification},
  author={Edelsbrunner, Herbert and Letscher, David and Zomorodian, Afra},
  booktitle={Foundations of Computer Science, 2000. Proceedings. 41st Annual Symposium on},
  pages={454--463},
  year={2000},
  organization={IEEE}
}
@article{edelsbrunner2008persistent,
  title={Persistent homology-a survey},
  author={Edelsbrunner, Herbert and Harer, John},
  journal={Contemporary mathematics},
  volume={453},
  pages={257--282},
  year={2008},
  publisher={Providence, RI: American Mathematical Society}
}
@book{edelsbrunner2010computational,
  title={Computational topology: an introduction},
  author={Edelsbrunner, Herbert and Harer, John},
  year={2010},
  publisher={American Mathematical Soc.}
}
@article{carlsson2009topology,
  title={Topology and data},
  author={Carlsson, Gunnar},
  journal={Bulletin of the American Mathematical Society},
  volume={46},
  number={2},
  pages={255--308},
  year={2009}
}
@book{ghrist2014elementary,
  title={Elementary applied topology},
  author={Ghrist, Robert W},
  year={2014},
  publisher={Createspace}
}
@article{crawley2015decomposition,
  title={Decomposition of pointwise finite-dimensional persistence modules},
  author={Crawley-Boevey, William},
  journal={Journal of Algebra and its Applications},
  volume={14},
  number={05},
  pages={1550066},
  year={2015},
  publisher={World Scientific}
}
@article{edelsbrunner1994three,
  title={Three-dimensional alpha shapes},
  author={Edelsbrunner, Herbert and M{\"u}cke, Ernst P},
  journal={ACM Transactions on Graphics (TOG)},
  volume={13},
  number={1},
  pages={43--72},
  year={1994},
  publisher={ACM}
}











%Diffusion Maps
@article{coifman2006diffusion,
  title={Diffusion maps},
  author={Coifman, Ronald R and Lafon, St{\'e}phane},
  journal={Applied and computational harmonic analysis},
  volume={21},
  number={1},
  pages={5--30},
  year={2006},
  publisher={Elsevier}
}
@article{singer2011orientability,
  title={Orientability and diffusion maps},
  author={Singer, Amit and Wu, Hau-tieng},
  journal={Applied and computational harmonic analysis},
  volume={31},
  number={1},
  pages={44--58},
  year={2011},
  publisher={Elsevier}
}




%Other TDA References
@article{de2011persistent,
  title={Persistent cohomology and circular coordinates},
  author={De Silva, Vin and Morozov, Dmitriy and Vejdemo-Johansson, Mikael},
  journal={Discrete \& Computational Geometry},
  volume={45},
  number={4},
  pages={737--759},
  year={2011},
  publisher={Springer}
}

@article{ripser,
  title={Ripser: a lean C++ code for the computation of Vietoris-Rips persistence barcodes},
  author={Bauer, Ulrich},
  journal={Software available at https://github. com/Ripser/ripser},
  year={2017}
}

@article{ripserpy,
  title={Ripser.py: A Lean Persistent Homology Library for Python},
  author={Tralie, Christopher and Saul, Nathaniel and Barr-On, Rann},
  journal={Journal of Open Source Software (JOSS)},
  year={2018}
}


@article{koopmanbackground,
	title={Introduction to Koopman Operatory Theory of Dynamical Systems},
    author={Arbabi, Hassan},
    year={2018}
}